% --------------------------
% Articles
% --------------------------
@article{ferrero2006generalized,
  author    = {Ferrero, A. and Pirola, M.},
  title     = {Generalized Mixed-Mode S-Parameters},
  journal   = {IEEE Transactions on Microwave Theory and Techniques},
  volume    = {54},
  number    = {1},
  pages     = {458--463},
  year      = {2006},
  doi       = {10.1109/TMTT.2005.860497}
}

@article{hunter2007matplotlib,
  author    = {Hunter, John D},
  title     = {Matplotlib: A 2D Graphics Environment},
  journal   = {Computing in Science \& Engineering},
  volume    = {9},
  number    = {3},
  pages     = {90--95},
  year      = {2007},
  publisher = {IEEE}
}

@article{kobrinsky2005crosstalk,
  author    = {Kobrinsky, M. J. and others},
  title     = {Experimental Validation of Crosstalk Simulations for On-Chip Interconnects Using S-Parameters},
  journal   = {IEEE Transactions on Advanced Packaging},
  volume    = {28},
  number    = {1},
  pages     = {57--62},
  year      = {2005}
}

@article{mangan2006deembedding,
  author    = {Mangan, A. M. and Voinigescu, S. P. and Yang, M.-T. and Tazlauanu, M.},
  title     = {De-Embedding Transmission Line Measurements for Accurate Modeling of IC Designs},
  journal   = {IEEE Transactions on Electron Devices},
  volume    = {53},
  number    = {2},
  pages     = {235--241},
  year      = {2006}
}

@article{rajesh_differential_2014,
  author    = {Rajesh, A. and Raju, D. B. L.},
  title     = {Design of a Differential Amplifier Using Current Mirror as Active Load},
  journal   = {International Journal of Engineering Research and General Science},
  volume    = {2},
  number    = {6},
  pages     = {43--47},
  year      = {2014},
  issn      = {2091-2730}
}

% --------------------------
% InProceedings
% --------------------------
@inproceedings{amakawa2015comparative,
  author    = {Amakawa, Shuichi and Katayama, Koji and Takano, Koji and Yoshida, Tetsuo and Fujishima, Masayuki},
  title     = {Comparative Analysis of On-Chip Transmission Line De-Embedding Techniques},
  booktitle = {2015 IEEE International Symposium on Radio-Frequency Integration Technology (RFIT)},
  pages     = {91--93},
  year      = {2015},
  doi       = {10.1109/RFIT.2015.7377897}
}

@inproceedings{deo2020bimos,
  author    = {Deo, Gouri Shashank and Totlani, Jyas Aloke and Mamidi, Kowshik Eshwar and Mahamuni, Chaitanya V.},
  title     = {Performance Analysis of BiMOS Differential Pair with Active Load, Wilson and Widlar Current Mirrors, and Diode Connected Topology},
  booktitle = {2020 4th International Conference on Intelligent Computing and Control Systems (ICICCS)},
  pages     = {99--104},
  year      = {2020},
  publisher = {IEEE},
  address   = {Madurai, India},
  doi       = {10.1109/ICICCS48265.2020.9121038}
}

@inproceedings{guoping2019improved,
  author    = {Guoping, Y. and Zhiyuan, Z. and Dan, L. and Mingfei, Y. and Shengli, L.},
  title     = {An Improved Through Line Fixture De-Embedding Method Using VNA Measurement Data},
  booktitle = {2019 IEEE 5th International Conference on Computer and Communications (ICCC)},
  pages     = {1945--1949},
  year      = {2019},
  doi       = {10.1109/ICCC47050.2019.9064229}
}

@inproceedings{moon2015comparison,
  author    = {Moon, Se-Jung and Ye, Xiaoning and Smith, Rex},
  title     = {Comparison of TRL Calibration vs. 2x Thru De-Embedding Methods},
  booktitle = {2015 IEEE Symposium on Electromagnetic Compatibility and Signal Integrity},
  pages     = {176--180},
  year      = {2015},
  doi       = {10.1109/EMCSI.2015.7107681}
}

@inproceedings{nan2007dummyfills,
  author    = {Nan, Liu and others},
  title     = {Experimental Characterization of the Effect of Metal Dummy Fills on Spiral Inductors},
  booktitle = {2007 IEEE Radio Frequency Integrated Circuits (RFIC) Symposium},
  pages     = {307--310},
  year      = {2007},
  doi       = {10.1109/RFIC.2007.380889}
}

@inproceedings{resso2016new,
  author    = {Resso, Mike and Bogatin, Eric and Vatsyayan, Aayushi},
  title     = {A New Method to Verify the Accuracy of De-Embedding Algorithms},
  booktitle = {2016 IEEE MTT-S Latin America Microwave Conference (LAMC)},
  pages     = {1--4},
  year      = {2016},
  doi       = {10.1109/LAMC.2016.7851299}
}

@inproceedings{reynoso2001straightforward,
  author    = {Reynoso-Hernandez, J. A. and Inzunza-Gonzalez, Everardo},
  title     = {A Straightforward De-Embedding Method for Devices Embedded in Test Fixtures},
  booktitle = {57th ARFTG Conference Digest},
  volume    = {39},
  pages     = {1--5},
  year      = {2001}
}

@inproceedings{tang2024novel,
  author    = {Tang, Si-Yao and Wei, Xing-Chang and Wang, Di},
  title     = {A Novel De-Embedding Method Based on Artificial Neural Network},
  booktitle = {2024 International Symposium on Electromagnetic Compatibility – EMC Europe},
  pages     = {925--930},
  year      = {2024},
  doi       = {10.1109/EMCEurope59828.2024.10722350}
}

@inproceedings{10431377,
  author    = {Radu-Constantin, Cavache and Mihaela, Pantazică},
  title     = {Guidelines for Reducing Conductive Coupling Noise in Electronic Systems},
  booktitle = {2023 IEEE 29th International Symposium for Design and Technology in Electronic Packaging (SIITME)},
  pages     = {293--296},
  year      = {2023},
  doi       = {10.1109/SIITME59799.2023.10431377}
}

@inproceedings{73d10585,
  author    = {Yao, Chengcheng and Leng, Mingzhi and Li, He and Fu, Lixing and Luo, Fang and Wang, Jin and Zou, Ke and Chen, Chingchi},
  title     = {Electromagnetic Noise Coupling and Mitigation in Dynamic Tests of High Power Switching Devices},
  booktitle = {2015 IEEE Energy Conversion Congress and Exposition (ECCE)},
  pages     = {6610--6615},
  year      = {2015},
  doi       = {10.1109/ECCE.2015.7310585}
}

% --------------------------
% Books and Lecture Notes
% --------------------------
@book{razavi_currentmirrors,
  author    = {Behzad Razavi},
  title     = {Basic Current Mirrors and Cascode Current Mirrors},
  publisher = {UCLA - Electrical Engineering Department},
  year      = {n.d.},
  note      = {Lecture notes or textbook excerpt}
}

@misc{aboushady2016,
  author    = {H. Aboushady},
  title     = {Differential Amplifier and Differential Signaling: Lecture 10, ECE315 / ECE515},
  year      = {2016},
  note      = {Lecture slides, extensively used in project}
}

@misc{ieee370_2011,
  title        = {IEEE Standard for Test Procedures for High-Frequency Transmission Lines on Printed Boards},
  organization = {IEEE},
  number       = {IEEE Std 370-2011},
  year         = {2011}
}

@misc{ieee370_2020,
  title        = {IEEE Standard for Electrical Characterization of Printed Circuit Board and Related Interconnects at Frequencies up to 50 GHz},
  organization = {IEEE},
  number       = {IEEE Std 370-2020},
  pages        = {1--147},
  year         = {2021},
  doi          = {10.1109/IEEESTD.2021.9316329}
}

@misc{passive_active_mirrors,
  author       = {{Unknown}},
  title        = {Passive and Active Current Mirrors},
  year         = {n.d.},
  howpublished = {Unpublished document},
  note         = {Internal course material, author and institution not specified}
}

@misc{razaviDifferentialPair,
  author = {Behzad Razavi},
  title  = {Single-Ended and Differential Operation, Basic Differential Pair, Common-Mode Response, Differential Pair with MOS Loads},
  note   = {Lecture notes}
}

% --------------------------
% Online Resources
% --------------------------
@online{ampslab_currentmirrors,
  author = {{AmpsLab}},
  title  = {Current Mirror Active Loads},
  year   = {2025},
  url    = {https://ampslab.com/RECOMMMENDED%20READ/CURRENT%20MIRRORS/CURRENT%20MIRROR%20ACTIVE%20LOADS.pdf},
  note   = {Accessed: 2025-04-06}
}

@online{deembedding_part1,
  author = {{Test I\& Measurement Tips}},
  title  = {What is De-Embedding and How Do I Perform It (Part 1)?},
  year   = {2025},
  url    = {https://www.testandmeasurementtips.com/what-is-de-embedding-and-how-do-i-perform-it-part-1/},
  note   = {Accessed: 2025-04-19}
}

@online{dwyeromega2025,
  author = {{Dwyer Omega}},
  title  = {Differential Signal Vs Single-Ended Inputs},
  year   = {2025},
  url    = {https://www.dwyeromega.com/en-us/resources/differential-or-single-ended},
  note   = {Accessed: 2025-03-31}
}

@online{dynapar2025,
  author = {Rhodes, L.},
  title  = {What is the Difference Between Single-Ended and Differential Signals?},
  year   = {2025},
  url    = {https://www.dynapar.com/faq/what-is-the-difference-between-single-ended-and-differential-signals},
  note   = {Accessed: 2025-03-31}
}

@online{fonstad_mit2009,
  author = {Fonstad, C.},
  title  = {Two Active Loads for Differential Amplifiers: The Lee Load and the Current Mirror Load},
  institution = {Massachusetts Institute of Technology (MIT)},
  year   = {2009},
  url    = {https://ocw.mit.edu/courses/6-012-microelectronic-devices-and-circuits-fall-2009/27dce54a63b9a793be542cb457d1c865_MIT6_012F09_lec20_loads.pdf},
  note   = {Accessed: 2025-04-04}
}

@online{iiitd_lecture16,
  author = {Shashmi, M.},
  title  = {Lecture 16: CMOS Amplifiers},
  institution = {IIIT-Delhi},
  year   = {2025},
  url    = {https://www.iiitd.edu.in/~mshashmi/CMOS_2015/Lecture_Slides/Lect_16_2015.pdf},
  note   = {Accessed: 2025-04-04}
}

@online{palermoLab6,
  author = {Palermo, S.},
  title  = {Lab 6: Differential Pair Characterization},
  year   = {2025},
  url    = {https://people.engr.tamu.edu/spalermo/ecen474/Lab6.pdf},
  note   = {Accessed: 2025-03-31}
}

@online{shashmi2016,
  author = {Shashmi, M.},
  title  = {Lecture 10: Differential Amplifier and Common Mode Response},
  year   = {2016},
  url    = {https://www.iiitd.edu.in/~mshashmi/CMOS_2016/Lecture_Slides/Lect_10_2016.pdf},
  note   = {Accessed: 2025-03-31}
}
