@book{anderson1985phonology,
  title={Phonology in the Twentieth Century: Theories of rules and theories of representations},
  author={Anderson, Stephen R},
  year={1985},
  publisher={University of Chicago Press}
}