@misc{ieee370_2020,
	author       = {{IEEE}},
	title        = {IEEE Standard for Electrical Characterization of Printed Circuit Board and Related Interconnects},
	institution  = {IEEE},
	year         = {2020},
	number       = {IEEE Std 370-2020},
	note         = {Accessed: 2025-04-19}
}

@article{ferrero2006generalized,
	author       = {Ferrero, A. and Pirola, M.},
	title        = {Generalized Mixed-Mode S-Parameters},
	journal      = {IEEE Transactions on Microwave Theory and Techniques},
	year         = {2006},
	volume       = {54},
	number       = {1},
	pages        = {458--463},
	doi          = {10.1109/TMTT.2005.860497},
	keywords     = {Voltage, Stacking, Impedance measurement, Joining processes, Differential, microwave measurements, mixed-mode, multiport}
}

@inproceedings{moon2015comparison,
	author       = {Moon, Se-Jung and Ye, Xiaoning and Smith, Rex},
	title        = {Comparison of TRL Calibration vs. 2x Thru De-Embedding Methods},
	booktitle    = {2015 IEEE Symposium on Electromagnetic Compatibility and Signal Integrity},
	year         = {2015},
	pages        = {176--180},
	doi          = {10.1109/EMCSI.2015.7107681},
	keywords     = {Calibration, Fixtures, Standards, Connectors, Accuracy, Frequency measurement, Loss measurement}
}

@misc{ieee370_2011,
	title        = {IEEE Standard for Test Procedures for High-Frequency Transmission Lines on Printed Boards},
	institution  = {IEEE},
	year         = {2011},
	number       = {IEEE Std 370-2011}
}

@inproceedings{resso2016new,
	author       = {Resso, Mike and Bogatin, Eric and Vatsyayan, Aayushi},
	title        = {A New Method to Verify the Accuracy of De-Embedding Algorithms},
	booktitle    = {2016 IEEE MTT-S Latin America Microwave Conference (LAMC)},
	year         = {2016},
	pages        = {1--4},
	doi          = {10.1109/LAMC.2016.7851299}
}

@inproceedings{tang2024novel,
	author       = {Tang, Si-Yao and Wei, Xing-Chang and Wang, Di},
	title        = {A Novel De-Embedding Method Based on Artificial Neural Network},
	booktitle    = {2024 International Symposium on Electromagnetic Compatibility â€“ EMC Europe},
	year         = {2024},
	pages        = {925--930},
	doi          = {10.1109/EMCEurope59828.2024.10722350}
}

@inproceedings{reynoso2001straightforward,
	author       = {Reynoso-Hernandez, J. A. and Inzunza-Gonzalez, Everardo},
	title        = {A Straightforward De-Embedding Method for Devices Embedded in Test Fixtures},
	booktitle    = {57th ARFTG Conference Digest},
	volume       = {39},
	year         = {2001},
	pages        = {1--5}
}

@article{hunter2007matplotlib,
	author       = {Hunter, John D.},
	title        = {Matplotlib: A 2D Graphics Environment},
	journal      = {Computing in Science \& Engineering},
	volume       = {9},
	number       = {3},
	pages        = {90--95},
	year         = {2007},
	publisher    = {IEEE}
}

@online{deembedding_part1,
	author       = {{Test \& Measurement Tips}},
	title        = {What is De-Embedding and How Do I Perform It (Part 1)?},
	year         = {2025},
	url          = {https://www.testandmeasurementtips.com/what-is-de-embedding-and-how-do-i-perform-it-part-1/},
	urldate      = {2025-04-19}
}

@inproceedings{guoping2019improved,
	author       = {Guoping, Y. and Zhiyuan, Z. and Dan, L. and Mingfei, Y. and Shengli, L.},
	title        = {An Improved Through Line Fixture De-Embedding Method Using VNA Measurement Data},
	booktitle    = {2019 IEEE 5th International Conference on Computer and Communications (ICCC)},
	year         = {2019},
	pages        = {1945--1949},
	doi          = {10.1109/ICCC47050.2019.9064229}
}

@inproceedings{amakawa2015comparative,
	author       = {Amakawa, Shuichi and Katayama, Koji and Takano, Koji and Yoshida, Tetsuo and Fujishima, Masayuki},
	title        = {Comparative Analysis of On-Chip Transmission Line De-Embedding Techniques},
	booktitle    = {2015 IEEE International Symposium on Radio-Frequency Integration Technology (RFIT)},
	year         = {2015},
	pages        = {91--93},
	doi          = {10.1109/RFIT.2015.7377897}
}

@inproceedings{nan2007dummyfills,
	author       = {Liu, Nan and others},
	title        = {Experimental Characterization of the Effect of Metal Dummy Fills on Spiral Inductors},
	booktitle    = {2007 IEEE Radio Frequency Integrated Circuits (RFIC) Symposium},
	year         = {2007},
	pages        = {307--310},
	doi          = {10.1109/RFIC.2007.380889}
}

@article{kobrinsky2005crosstalk,
	author       = {Kobrinsky, M. J. and others},
	title        = {Experimental Validation of Crosstalk Simulations for On-Chip Interconnects Using S-Parameters},
	journal      = {IEEE Transactions on Advanced Packaging},
	volume       = {28},
	number       = {1},
	pages        = {57--62},
	year         = {2005}
}

@article{mangan2006deembedding,
	author       = {Mangan, A. M. and Voinigescu, S. P. and Yang, M.-T. and Tazlauanu, M.},
	title        = {De-Embedding Transmission Line Measurements for Accurate Modeling of IC Designs},
	journal      = {IEEE Transactions on Electron Devices},
	volume       = {53},
	number       = {2},
	pages        = {235--241},
	year         = {2006}
}
