@book{razavi_currentmirrors,
	author    = {Behzad Razavi},
	title     = {Basic Current Mirrors and Cascode Current Mirrors},
	publisher = {UCLA, Electrical Engineering Department},
	year      = {n.d.},
	note      = {Lecture notes or textbook excerpt}
}

@article{rajesh_differential_2014,
	author    = {A. Rajesh and D. B. L. Raju},
	title     = {Design of a Differential Amplifier Using Current Mirror as Active Load},
	journal   = {International Journal of Engineering Research and General Science},
	year      = {2014},
	volume    = {2},
	number    = {6},
	pages     = {43--47},
	issn      = {2091-2730}
}

@online{ampslab_currentmirrors,
	author    = {{AmpsLab}},
	title     = {Current Mirror Active Loads},
	year      = {2025},
	url       = {https://ampslab.com/RECOMMMENDED%20READ/CURRENT%20MIRRORS/CURRENT%20MIRROR%20ACTIVE%20LOADS.pdf},
	urldate   = {2025-04-06}
}

@online{iiitd_lecture16,
	author      = {M. Shashmi},
	title       = {Lecture 16: CMOS Amplifiers},
	year        = {2025},
	institution = {Indraprastha Institute of Information Technology Delhi (IIIT-Delhi)},
	url         = {https://www.iiitd.edu.in/~mshashmi/CMOS_2015/Lecture_Slides/Lect_16_2015.pdf},
	urldate     = {2025-04-04}
}

@misc{passive_active_mirrors,
	author       = {{Unknown}},
	title        = {Passive and Active Current Mirrors},
	year         = {n.d.},
	howpublished = {Unpublished document},
	note         = {Internal course material; author and institution not specified}
}

@online{fonstad_mit2009,
	author      = {C. Fonstad},
	title       = {Two Active Loads for Differential Amplifiers: The Lee Load and the Current Mirror Load},
	year        = {2009},
	institution = {Massachusetts Institute of Technology (MIT)},
	url         = {https://ocw.mit.edu/courses/6-012-microelectronic-devices-and-circuits-fall-2009/27dce54a63b9a793be542cb457d1c865_MIT6_012F09_lec20_loads.pdf},
	urldate     = {2025-04-04}
}

@misc{aboushady2016,
	author  = {H. Aboushady},
	title   = {Differential Amplifier and Differential Signaling: Lecture 10, ECE315 / ECE515},
	year    = {2016},
	note    = {Lecture slides, extensively used in project}
}

@online{dwyeromega2025,
	author  = {{Dwyer Omega}},
	title   = {Differential Signal Vs Single-Ended Inputs},
	year    = {2025},
	url     = {https://www.dwyeromega.com/en-us/resources/differential-or-single-ended},
	urldate = {2025-03-31}
}

@misc{razaviDifferentialPair,
	author = {Behzad Razavi},
	title  = {Single-Ended and Differential Operation, Basic Differential Pair, Common-Mode Response, Differential Pair with MOS Loads},
	note   = {Lecture notes}
}

@online{shashmi2016,
	author  = {M. Shashmi},
	title   = {Lecture 10: Differential Amplifier and Common Mode Response},
	year    = {2016},
	url     = {https://www.iiitd.edu.in/~mshashmi/CMOS_2016/Lecture_Slides/Lect_10_2016.pdf},
	urldate = {2025-03-31}
}

@online{palermo2025,
	author  = {S. Palermo},
	title   = {Lab 6: Differential Pair Characterization},
	year    = {2025},
	url     = {https://people.engr.tamu.edu/spalermo/ecen474/Lab6.pdf},
	urldate = {2025-03-31}
}

@inproceedings{deo2020bimos,
	author    = {Gouri Shashank Deo and Jyas Aloke Totlani and Kowshik Eshwar Mamidi and Chaitanya V. Mahamuni},
	title     = {Performance Analysis of BiMOS Differential Pair with Active Load, Wilson and Widlar Current Mirrors, and Diode Connected Topology},
	booktitle = {2020 4th International Conference on Intelligent Computing and Control Systems (ICICCS)},
	address   = {Madurai, India},
	pages     = {99--104},
	year      = {2020},
	publisher = {IEEE},
	doi       = {10.1109/ICICCS48265.2020.9121038}
}
