@online{aboushady2016,
	author  = {H. Aboushady},
	title   = {Differential Amplifier and Differential Signaling: Lecture 10, ECE315 / ECE515},
	year    = {2016},
	url     = {https://ece315.example.edu/lectures/lecture10},
	note    = {Lecture slides, extensively used in project}
}

@online{dwyeromega2025,
	author  = {{Dwyer Omega}},
	title   = {Differential Signal Vs Single-Ended Inputs},
	year    = {2025},
	url     = {https://www.dwyeromega.com/en-us/resources/differential-or-single-ended},
	urldate = {2025-03-31}
}

@misc{razaviDifferentialPair,
	author = {B. Razavi},
	title  = {Single-Ended and Differential Operation, Basic Differential Pair, Common-Mode Response, Differential Pair with MOS Loads},
	note   = {Lecture notes}
}

@online{dynapar2025,
	author  = {L. Rhodes},
	title   = {What is the Difference Between Single-Ended and Differential Signals?},
	year    = {2025},
	url     = {https://www.dynapar.com/faq/what-is-the-difference-between-single-ended-and-differential-signals},
	urldate = {2025-03-31}
}

@online{shashmi2016,
	author  = {M. Shashmi},
	title   = {Lecture 10: Differential Amplifier and Common Mode Response},
	year    = {2016},
	url     = {https://www.iiitd.edu.in/~mshashmi/CMOS_2016/Lecture_Slides/Lect_10_2016.pdf},
	urldate = {2025-03-31}
}

@online{palermoLab6,
	author  = {S. Palermo},
	title   = {Lab 6: Differential Pair Characterization},
	year    = {2025},
	url     = {https://people.engr.tamu.edu/spalermo/ecen474/Lab6.pdf},
	urldate = {2025-03-31}
}
