@inproceedings{yao2015ecce,
	author    = {Yao, Chengcheng and Leng, Mingzhi and Li, He and Fu, Lixing and Luo, Fang and Wang, Jin and Zou, Ke and Chen, Chingchi},
	title     = {Electromagnetic Noise Coupling and Mitigation in Dynamic Tests of High Power Switching Devices},
	booktitle = {2015 IEEE Energy Conversion Congress and Exposition (ECCE)},
	year      = {2015},
	pages     = {6610--6615},
	doi       = {10.1109/ECCE.2015.7310585},
	keywords  = {Noise, Probes, Electromagnetic interference, Insulated gate bipolar transistors, Capacitors, Temperature measurement, Couplings}
}

@inproceedings{cavache2023siitme,
	author    = {Cavache, Radu-Constantin and Pantazic«é, Mihaela},
	title     = {Guidelines for Reducing Conductive Coupling Noise in Electronic Systems},
	booktitle = {2023 IEEE 29th International Symposium for Design and Technology in Electronic Packaging (SIITME)},
	year      = {2023},
	pages     = {293--296},
	doi       = {10.1109/SIITME59799.2023.10431377},
	keywords  = {Buck converters, Layout, Electromagnetic compatibility, Noise measurement, Transistors, Integrated circuit modeling, Guidelines, Spice simulation, PCB parasitics}
}
